@article{report,
  title={Not all school shootings are the same and the differences matter},
  author={Levine, Phillip B., and Robin McKnight},
  year={2020},
  publisher={National Bureau of Economic Research},
  url="https://www.nber.org/papers/w26728",
}

@online{database,
  author = {Riedman, David and Desmond Oâ€™Neill},
  title = {Shooting Incidents at K-12 Schools},
  year = {2018},
  url = {https://www.chds.us/sssc/data-map/},
  note = {Database.}
}

@online{slides_mc,
  author = {Dr. Mark Fredrickson},
  title = {Monte Carlo Hypothesis Testing},
  year = {2023},
  url ={https://umich.instructure.com/courses/621159/files/folder/Lectures},
  urldate = {2023-12-12},
  note = {Lecture slides. Department of Statistics, the University of Michigan, Ann Arbor.}
}

@online{slides_perm,
  author = {Dr. Mark Fredrickson},
  title = {Permutation and Randomization Tests},
  year = {2023},
  url ={https://umich.instructure.com/courses/621159/files/folder/Lectures},
  urldate = {2023-12-12},
  note = {Lecture slides. Department of Statistics, the University of Michigan, Ann Arbor.}
}

@online{slides_lm,
  author = {Dr. Mark Fredrickson},
  title = {Linear Mean Functions and Ordiniary Least Squares},
  year = {2023},
  url ={https://umich.instructure.com/courses/621159/files/folder/Lectures},
  urldate = {2023-12-12},
  note = {Lecture slides. Department of Statistics, the University of Michigan, Ann Arbor.}
}